<record><leader>00000cas a22000007a 4500</leader><controlfield tag="001">13943971</controlfield><controlfield tag="008">860725c19809999txucr ne      0    0eng d</controlfield><datafield ind1=" " ind2=" " tag="010"><subfield code="a">sn 86088111 </subfield></datafield><datafield ind1=" " ind2=" " tag="040"><subfield code="a">PPM</subfield><subfield code="b">eng</subfield><subfield code="c">PPM</subfield><subfield code="d">OCLCQ</subfield></datafield><datafield ind1=" " ind2=" " tag="042"><subfield code="a">msc</subfield></datafield><datafield ind1="0" ind2="4" tag="245"><subfield code="a">The Bastrop advertiser and county news.</subfield></datafield><datafield ind1=" " ind2=" " tag="260"><subfield code="a">Bastrop, Tex. :</subfield><subfield code="b">Jack Fraser,</subfield><subfield code="c">1980-</subfield></datafield><datafield ind1=" " ind2=" " tag="300"><subfield code="a">v. :</subfield><subfield code="b">ill. ;</subfield><subfield code="c">58 cm.</subfield></datafield><datafield ind1=" " ind2=" " tag="310"><subfield code="a">Semiweekly</subfield></datafield><datafield ind1="0" ind2=" " tag="362"><subfield code="a">Vol., no. 44 (July 31, 1980)-</subfield></datafield><datafield ind1=" " ind2=" " tag="752"><subfield code="a">United States</subfield><subfield code="b">Texas</subfield><subfield code="c">Bastrop</subfield><subfield code="d">Bastrop.</subfield></datafield><datafield ind1="0" ind2="0" tag="780"><subfield code="t">Bastrop advertiser</subfield><subfield code="w">(DLC)sn 83021332</subfield></datafield></record>